@book{fox2013,
    author = "Margalit Fox",
    edition = "First ed.",
    isbn = "9780062228833",
    howpublished = "Print",
    publisher = "HarperCollins Publishers",
    address = "United States",
    title = "The Riddle of the Labyrinth: The Quest to Crack an Ancient Code",
    year = "2013",
    month = "05",
    day = "14"
}

@book{foxtest,
	Author = {Margalit Fox},
	Publisher = {HarperCollins},
	Title = {The Riddle of the Labyrinth: The Quest to Crack an Ancient Code},
	Year = {2013}
}
